<?xml version="1.0" encoding="UTF-8"?>
<record xmlns="http://www.loc.gov/MARC21/slim">
   <leader>01894cas a2200457 a 4500</leader>
   <controlfield tag="001">601663</controlfield>
   <controlfield tag="008">890207d19861986abcar4   k   s uuua0eng d</controlfield>
   <datafield tag="010" ind1=" " ind2=" ">
      <subfield code="a">   88659981 </subfield>
      <subfield code="z">cn 88089089</subfield>
   </datafield>
   <datafield tag="022" ind1="0" ind2=" ">
      <subfield code="a">0839-573X</subfield>
   </datafield>
   <datafield tag="035" ind1=" " ind2=" ">
      <subfield code="a">ocm18481791</subfield>
   </datafield>
   <datafield tag="039" ind1="0" ind2=" ">
      <subfield code="f">rw</subfield>
   </datafield>
   <datafield tag="040" ind1=" " ind2=" ">
      <subfield code="b">eng</subfield>
      <subfield code="d">CaOONL</subfield>
      <subfield code="d">DLC</subfield>
   </datafield>
   <datafield tag="042" ind1=" " ind2=" ">
      <subfield code="a">lc</subfield>
      <subfield code="a">nlc</subfield>
      <subfield code="a">isds/c</subfield>
   </datafield>
   <datafield tag="043" ind1=" " ind2=" ">
      <subfield code="a">n-cn-ab</subfield>
   </datafield>
   <datafield tag="049" ind1=" " ind2=" ">
      <subfield code="a">AEU</subfield>
      <subfield code="b">eng</subfield>
   </datafield>
   <datafield tag="050" ind1="0" ind2="0">
      <subfield code="a">HD2768.C38</subfield>
      <subfield code="b">A543a</subfield>
   </datafield>
   <datafield tag="055" ind1="0" ind2="2">
      <subfield code="a">HD2768*</subfield>
   </datafield>
   <datafield tag="082" ind1="0" ind2="0">
      <subfield code="a">354.71230087/006</subfield>
      <subfield code="2">19</subfield>
   </datafield>
   <datafield tag="090" ind1="0" ind2=" ">
      <subfield code="a">GOV DOC CA2 AL UT A563</subfield>
   </datafield>
   <datafield tag="110" ind1="1" ind2="0">
      <subfield code="a">Alberta.</subfield>
      <subfield code="b">Alberta Utilities.</subfield>
   </datafield>
   <datafield tag="210" ind1="0" ind2=" ">
      <subfield code="a">Annu. rep. - Alta. Util.</subfield>
   </datafield>
   <datafield tag="222" ind1="0" ind2="0">
      <subfield code="a">Annual report - Alberta Utilities</subfield>
   </datafield>
   <datafield tag="240" ind1="0" ind2="0">
      <subfield code="a">Annual report /</subfield>
   </datafield>
   <datafield tag="245" ind1="0" ind2="0">
      <subfield code="a">Annual report / Alberta Utilities / 1986</subfield>
      <subfield code="c">Alberta Utilities.</subfield>
   </datafield>
   <datafield tag="260" ind1="0" ind2="0">
      <subfield code="a">[Edmonton] :</subfield>
      <subfield code="b">Alberta Utilities,</subfield>
      <subfield code="c">[1986?]</subfield>
   </datafield>
   <datafield tag="300" ind1=" " ind2=" ">
      <subfield code="a">1 v. :</subfield>
      <subfield code="b">ill. (some col.), maps ;</subfield>
      <subfield code="c">28 cm.</subfield>
   </datafield>
   <datafield tag="310" ind1=" " ind2=" ">
      <subfield code="a">Annual</subfield>
   </datafield>
   <datafield tag="362" ind1="0" ind2=" ">
      <subfield code="a">1985/1986.</subfield>
   </datafield>
   <datafield tag="515" ind1=" " ind2=" ">
      <subfield code="a">Report year ends Mar. 31.</subfield>
   </datafield>
   <datafield tag="580" ind1=" " ind2=" ">
      <subfield code="a">Merged with: Alberta.  Alberta Transportation.  Annual report, ISSN 0702-7702, to become: Alberta.  Alberta Transportation and Utilities. Annual report, ISSN 0835-1503</subfield>
   </datafield>
   <datafield tag="596" ind1=" " ind2=" ">
      <subfield code="a">43</subfield>
   </datafield>
   <datafield tag="610" ind1="1" ind2="0">
      <subfield code="a">Alberta.</subfield>
      <subfield code="b">Alberta Utilities</subfield>
      <subfield code="x">Periodicals.</subfield>
   </datafield>
   <datafield tag="650" ind1=" " ind2="0">
      <subfield code="a">Public utilities</subfield>
      <subfield code="z">Alberta</subfield>
      <subfield code="x">Periodicals.</subfield>
   </datafield>
   <datafield tag="650" ind1=" " ind2="0">
      <subfield code="a">Telecommunication</subfield>
      <subfield code="z">Alberta</subfield>
      <subfield code="x">Periodicals.</subfield>
   </datafield>
   <datafield tag="780" ind1="0" ind2="1">
      <subfield code="a">Alberta.  Alberta Utilities and Telecommunications.</subfield>
      <subfield code="t">Annual report</subfield>
      <subfield code="x">0826-323X</subfield>
      <subfield code="w">(DLC)   85645477</subfield>
      <subfield code="w">(OCoLC)11226264</subfield>
      <subfield code="w">(CaOONL) 840822634</subfield>
   </datafield>
   <datafield tag="785" ind1="1" ind2="7">
      <subfield code="a">Alberta.  Alberta Transportation.</subfield>
      <subfield code="t">Annual report</subfield>
      <subfield code="x">0702-7702</subfield>
      <subfield code="w">(CaOONL) 770843174</subfield>
      <subfield code="w">(OCoLC)3564903</subfield>
   </datafield>
   <datafield tag="785" ind1="1" ind2="7">
      <subfield code="a">Alberta.  Alberta Transportation and Utilities.</subfield>
      <subfield code="t">Annual report</subfield>
      <subfield code="x">0835-1503</subfield>
      <subfield code="w">(OCoLC)18101752</subfield>
      <subfield code="w">(CaOONL) 880890886</subfield>
   </datafield>
   <datafield tag="926" ind1=" " ind2=" ">
      <subfield code="a">UAHSS</subfield>
      <subfield code="b">ON_SHELF</subfield>
      <subfield code="c">GOV DOC CA2 AL UT A563 1985/1986</subfield>
      <subfield code="d">BOOK</subfield>
      <subfield code="f">1</subfield>
   </datafield>
   <datafield tag="926" ind1=" " ind2=" ">
      <subfield code="a">UAHSS</subfield>
      <subfield code="b">ON_SHELF</subfield>
      <subfield code="c">GOV DOC CA2 AL UT A563 1985/1986 c.2</subfield>
      <subfield code="d">BOOK</subfield>
      <subfield code="f">2</subfield>
   </datafield>
   <datafield tag="927" ind1=" " ind2=" ">
      <subfield code="a">UAHSS</subfield>
   </datafield>
   <datafield tag="927" ind1=" " ind2=" ">
      <subfield code="b">Location</subfield>
      <subfield code="c">ON_SHELF-- GOV DOC CA2 AL UT A5 63</subfield>
   </datafield>
   <datafield tag="927" ind1=" " ind2=" ">
      <subfield code="b">Library has</subfield>
      <subfield code="c">1985/1986</subfield>
   </datafield>
</record>
